%%% ====================================================================
%%%  BibTeX-file{
%%%     author          = "Gerry Murray",
%%%     version         = "1.2",
%%%     date            = "2 April 2012",
%%%     filename        = "acmsmall-sample-bibfile.bib",
%%%     address         = "ACM, NY",
%%%     email           = "murray at hq.acm.org",
%%%     codetable       = "ISO/ASCII",
%%%     keywords        = "ACM Reference Format, bibliography, citation, references",
%%%     supported       = "yes",
%%%     docstring       = "This BibTeX database file contains 'bibdata' entries
%%%                        that 'match' the examples provided in the Specifications Document
%%%                        AND, also, 'legacy'-type bibs. It should assist authors in 
%%%                        choosing the 'correct' at-bibtype and necessary bib-fields
%%%                        so as to obtain the appropriate ACM Reference Format output. 
%%%			   It also contains many 'Standard Abbreviations'. "
%%%  }
%%% ====================================================================

% Journals

% First the Full Name is given, then the abbreviation used in the AMS Math
% Reviews, with an indication if it could not be found there.
% Note the 2nd overwrites the 1st, so swap them if you want the full name.

 %{AMS}
 @String{AMSTrans = "American Mathematical Society Translations" }
 @String{AMSTrans = "Amer. Math. Soc. Transl." }
 @String{BullAMS = "Bulletin of the American Mathematical Society" }
 @String{BullAMS = "Bull. Amer. Math. Soc." }
 @String{ProcAMS = "Proceedings of the American Mathematical Society" }
 @String{ProcAMS = "Proc. Amer. Math. Soc." }
 @String{TransAMS = "Transactions of the American Mathematical Society" }
 @String{TransAMS = "Trans. Amer. Math. Soc." }

 %ACM
 @String{CACM = "Communications of the {ACM}" }
 @String{CACM = "Commun. {ACM}" }
 @String{CompServ = "Comput. Surveys" }
 @String{JACM = "J. ACM" }
 @String{ACMMathSoft = "{ACM} Transactions on Mathematical Software" }
 @String{ACMMathSoft = "{ACM} Trans. Math. Software" }
 @String{SIGNUM = "{ACM} {SIGNUM} Newsletter" }
 @String{SIGNUM = "{ACM} {SIGNUM} Newslett." }

 @String{AmerSocio = "American Journal of Sociology" }
 @String{AmerStatAssoc = "Journal of the American Statistical Association" }
 @String{AmerStatAssoc = "J. Amer. Statist. Assoc." }
 @String{ApplMathComp = "Applied Mathematics and Computation" }
 @String{ApplMathComp = "Appl. Math. Comput." }
 @String{AmerMathMonthly = "American Mathematical Monthly" }
 @String{AmerMathMonthly = "Amer. Math. Monthly" }
 @String{BIT = "{BIT}" }
 @String{BritStatPsych = "British Journal of Mathematical and Statistical
          Psychology" }
 @String{BritStatPsych = "Brit. J. Math. Statist. Psych." }
 @String{CanMathBull = "Canadian Mathematical Bulletin" }
 @String{CanMathBull = "Canad. Math. Bull." }
 @String{CompApplMath = "Journal of Computational and Applied Mathematics" }
 @String{CompApplMath = "J. Comput. Appl. Math." }
 @String{CompPhys = "Journal of Computational Physics" }
 @String{CompPhys = "J. Comput. Phys." }
 @String{CompStruct = "Computers and Structures" }
 @String{CompStruct = "Comput. \& Structures" }
 @String{CompJour = "The Computer Journal" }
 @String{CompJour = "Comput. J." }
 @String{CompSysSci = "Journal of Computer and System Sciences" }
 @String{CompSysSci = "J. Comput. System Sci." }
 @String{Computing = "Computing" }
 @String{ContempMath = "Contemporary Mathematics" }
 @String{ContempMath = "Contemp. Math." }
 @String{Crelle = "Crelle's Journal" }
 @String{GiornaleMath = "Giornale di Mathematiche" }
 @String{GiornaleMath = "Giorn. Mat." } % didn't find in AMS MR., ibid.

 %IEEE
 @String{Computer = "{IEEE} Computer" }
 @String{IEEETransComp = "{IEEE} Transactions on Computers" }
 @String{IEEETransComp = "{IEEE} Trans. Comput." }
 @String{IEEETransAC = "{IEEE} Transactions on Automatic Control" }
 @String{IEEETransAC = "{IEEE} Trans. Automat. Control" }
 @String{IEEESpec = "{IEEE} Spectrum" } % didn't find in AMS MR
 @String{ProcIEEE = "Proceedings of the {IEEE}" }
 @String{ProcIEEE = "Proc. {IEEE}" } % didn't find in AMS MR
 @String{IEEETransAeroElec = "{IEEE} Transactions on Aerospace and Electronic
     Systems" }
 @String{IEEETransAeroElec = "{IEEE} Trans. Aerospace Electron. Systems" }

 @String{IMANumerAna = "{IMA} Journal of Numerical Analysis" }
 @String{IMANumerAna = "{IMA} J. Numer. Anal." }
 @String{InfProcLet = "Information Processing Letters" }
 @String{InfProcLet = "Inform. Process. Lett." }
 @String{InstMathApp = "Journal of the Institute of Mathematics and
     its Applications" }
 @String{InstMathApp = "J. Inst. Math. Appl." }
 @String{IntControl = "International Journal of Control" }
 @String{IntControl = "Internat. J. Control" }
 @String{IntNumerEng = "International Journal for Numerical Methods in
     Engineering" }
 @String{IntNumerEng = "Internat. J. Numer. Methods Engrg." }
 @String{IntSuper = "International Journal of Supercomputing Applications" }
 @String{IntSuper = "Internat. J. Supercomputing Applic." } % didn't find
%% in AMS MR
 @String{Kibernetika = "Kibernetika" }
 @String{JResNatBurStand = "Journal of Research of the National Bureau
     of Standards" }
 @String{JResNatBurStand = "J. Res. Nat. Bur. Standards" }
 @String{LinAlgApp = "Linear Algebra and its Applications" }
 @String{LinAlgApp = "Linear Algebra Appl." }
 @String{MathAnaAppl = "Journal of Mathematical Analysis and Applications" }
 @String{MathAnaAppl = "J. Math. Anal. Appl." }
 @String{MathAnnalen = "Mathematische Annalen" }
 @String{MathAnnalen = "Math. Ann." }
 @String{MathPhys = "Journal of Mathematical Physics" }
 @String{MathPhys = "J. Math. Phys." }
 @String{MathComp = "Mathematics of Computation" }
 @String{MathComp = "Math. Comp." }
 @String{MathScand = "Mathematica Scandinavica" }
 @String{MathScand = "Math. Scand." }
 @String{TablesAidsComp = "Mathematical Tables and Other Aids to Computation" }
 @String{TablesAidsComp = "Math. Tables Aids Comput." }
 @String{NumerMath = "Numerische Mathematik" }
 @String{NumerMath = "Numer. Math." }
 @String{PacificMath = "Pacific Journal of Mathematics" }
 @String{PacificMath = "Pacific J. Math." }
 @String{ParDistComp = "Journal of Parallel and Distributed Computing" }
 @String{ParDistComp = "J. Parallel and Distrib. Comput." } % didn't find%% in AMS MR
 @String{ParComputing = "Parallel Computing" }
 @String{ParComputing = "Parallel Comput." }
 @String{PhilMag = "Philosophical Magazine" }
 @String{PhilMag = "Philos. Mag." }
 @String{ProcNAS = "Proceedings of the National Academy of Sciences
                    of the USA" }
 @String{ProcNAS = "Proc. Nat. Acad. Sci. U. S. A." }
 @String{Psychometrika = "Psychometrika" }
 @String{QuartMath = "Quarterly Journal of Mathematics, Oxford, Series (2)" }
 @String{QuartMath = "Quart. J. Math. Oxford Ser. (2)" }
 @String{QuartApplMath = "Quarterly of Applied Mathematics" }
 @String{QuartApplMath = "Quart. Appl. Math." }
 @String{RevueInstStat = "Review of the International Statisical Institute" }
 @String{RevueInstStat = "Rev. Inst. Internat. Statist." }

 %SIAM
 @String{JSIAM = "Journal of the Society for Industrial and Applied
     Mathematics" }
 @String{JSIAM = "J. Soc. Indust. Appl. Math." }
 @String{JSIAMB = "Journal of the Society for Industrial and Applied
     Mathematics, Series B, Numerical Analysis" }
 @String{JSIAMB = "J. Soc. Indust. Appl. Math. Ser. B Numer. Anal." }
 @String{SIAMAlgMeth = "{SIAM} Journal on Algebraic and Discrete Methods" }
 @String{SIAMAlgMeth = "{SIAM} J. Algebraic Discrete Methods" }
 @String{SIAMAppMath = "{SIAM} Journal on Applied Mathematics" }
 @String{SIAMAppMath = "{SIAM} J. Appl. Math." }
 @String{SIAMComp = "{SIAM} Journal on Computing" }
 @String{SIAMComp = "{SIAM} J. Comput." }
 @String{SIAMMatrix = "{SIAM} Journal on Matrix Analysis and Applications" }
 @String{SIAMMatrix = "{SIAM} J. Matrix Anal. Appl." }
 @String{SIAMNumAnal = "{SIAM} Journal on Numerical Analysis" }
 @String{SIAMNumAnal = "{SIAM} J. Numer. Anal." }
 @String{SIAMReview = "{SIAM} Review" }
 @String{SIAMReview = "{SIAM} Rev." }
 @String{SIAMSciStat = "{SIAM} Journal on Scientific and Statistical
     Computing" }
 @String{SIAMSciStat = "{SIAM} J. Sci. Statist. Comput." }

 @String{SoftPracExp = "Software Practice and Experience" }
 @String{SoftPracExp = "Software Prac. Experience" } % didn't find in AMS MR
 @String{StatScience = "Statistical Science" }
 @String{StatScience = "Statist. Sci." }
 @String{Techno = "Technometrics" }
 @String{USSRCompMathPhys = "{USSR} Computational Mathematics and Mathematical
     Physics" }
 @String{USSRCompMathPhys = "{U. S. S. R.} Comput. Math. and Math. Phys." }
 @String{VLSICompSys = "Journal of {VLSI} and Computer Systems" }
 @String{VLSICompSys = "J. {VLSI} Comput. Syst." }
 @String{ZAngewMathMech = "Zeitschrift fur Angewandte Mathematik und
     Mechanik" }
 @String{ZAngewMathMech = "Z. Angew. Math. Mech." }
 @String{ZAngewMathPhys = "Zeitschrift fur Angewandte Mathematik und Physik" }
 @String{ZAngewMathPhys = "Z. Angew. Math. Phys." }

% Publishers % ================================================= |

 @String{Academic = "Academic Press" }
 @String{ACMPress = "{ACM} Press" }
 @String{AdamHilger = "Adam Hilger" }
 @String{AddisonWesley = "Addison-Wesley" }
 @String{AllynBacon = "Allyn and Bacon" }
 @String{AMS = "American Mathematical Society" }
 @String{Birkhauser = "Birkha{\"u}ser" }
 @String{CambridgePress = "Cambridge University Press" }
 @String{Chelsea = "Chelsea" }
 @String{ClaredonPress = "Claredon Press" }
 @String{DoverPub = "Dover Publications" }
 @String{Eyolles = "Eyolles" }
 @String{HoltRinehartWinston = "Holt, Rinehart and Winston" }
 @String{Interscience = "Interscience" }
 @String{JohnsHopkinsPress = "The Johns Hopkins University Press" }
 @String{JohnWileySons = "John Wiley and Sons" }
 @String{Macmillan = "Macmillan" }
 @String{MathWorks = "The Math Works Inc." }
 @String{McGrawHill = "McGraw-Hill" }
 @String{NatBurStd = "National Bureau of Standards" }
 @String{NorthHolland = "North-Holland" }
 @String{OxfordPress = "Oxford University Press" }  %address Oxford or London?
 @String{PergamonPress = "Pergamon Press" }
 @String{PlenumPress = "Plenum Press" }
 @String{PrenticeHall = "Prentice-Hall" }
 @String{SIAMPub = "{SIAM} Publications" }
 @String{Springer = "Springer-Verlag" }
 @String{TexasPress = "University of Texas Press" }
 @String{VanNostrand = "Van Nostrand" }
 @String{WHFreeman = "W. H. Freeman and Co." }

%Entries
%%%%%%%%%%%%%%%%%%%%%%%%%%%%%%%%%%%%%%%%%%%%%%%%%%%%%%%%%%%%%%%%%%%%%%%%%%%%%%%%%%%%%%%%%%
% Introduction
%%%%%%%%%%%%%%%%%%%%%%%%%%%%%%%%%%%%%%%%%%%%%%%%%%%%%%%%%%%%%%%%%%%%%%%%%%%%%%%%%%%%%%%%%%

@article{Ostermeier:1994:DAS:1326675.1326679,
 author = {Ostermeier, Andreas and Gawelczyk, Andreas and Hansen, Nikolaus},
 title = {A Derandomized Approach to Self-adaptation of Evolution Strategies},
 journal = {Evol. Comput.},
 volume = {2},
 number = {4},
 month = dec,
 year = {1994},
 issn = {1063-6560},
 pages = {369--380},
 numpages = {12},
 url = {http://dx.doi.org/10.1162/evco.1994.2.4.369},
 doi = {10.1162/evco.1994.2.4.369},
 acmid = {1326679},
 publisher = {MIT Press},
 address = {Cambridge, MA, USA},
 keywords = {adaptation, evolution strategy, individual step-size, mutative step-size control, scaling, self-adaptation, step-size},
} 


@inproceedings{Jin:2002:FAE:2955491.2955686,
 author = {Jin, Yaochu and Sendhoff, Bernhard},
 title = {Fitness Approximation in Evolutionary Computation - a Survey},
 booktitle = {Proceedings of the 4th Annual Conference on Genetic and Evolutionary Computation},
 series = {GECCO'02},
 year = {2002},
 isbn = {1-55860-878-8},
 location = {New York City, New York},
 pages = {1105--1112},
 numpages = {8},
 url = {http://dl.acm.org/citation.cfm?id=2955491.2955686},
 acmid = {2955686},
 publisher = {Morgan Kaufmann Publishers Inc.},
 address = {San Francisco, CA, USA},
} 



@article{JIN201161,
title = "Surrogate-assisted evolutionary computation: Recent advances and future challenges",
journal = "Swarm and Evolutionary Computation",
volume = "1",
number = "2",
pages = "61 - 70",
year = "2011",
issn = "2210-6502",
doi = "https://doi.org/10.1016/j.swevo.2011.05.001",
url = "http://www.sciencedirect.com/science/article/pii/S2210650211000198",
author = "Yaochu Jin",
keywords = "Evolutionary computation, Surrogates, Meta-models, Machine learning, Expensive optimization problems, Model management"
}


@article{ECJ2016_LMCMA,
  author = {Loshchilov, I.},
  title = {{LM-CMA}: an {A}lternative to {L-BFGS} for {L}arge {S}cale {B}lack-box {O}ptimization},
  journal = {Evolutionary Computation},
  publisher = {MIT Press},
  address = {Cambridge, MA, USA},
  year = {2016},
  pages = {to appear}
} 


@inproceedings{DBLP:conf/ppsn/KayhaniA18,
  author    = {Arash Kayhani and
               Dirk V. Arnold},
  title     = {Design of a Surrogate Model Assisted {(1} + 1)-ES},
  booktitle = {Parallel Problem Solving from Nature - {PPSN} {XV} - 15th International
               Conference, Coimbra, Portugal, September 8-12, 2018, Proceedings,
               Part {I}},
  pages     = {16--28},
  year      = {2018},
  crossref  = {DBLP:conf/ppsn/2018-1},
  url       = {https://doi.org/10.1007/978-3-319-99253-2\_2},
  doi       = {10.1007/978-3-319-99253-2\_2},
  timestamp = {Thu, 30 Aug 2018 13:50:23 +0200},
  biburl    = {https://dblp.org/rec/bib/conf/ppsn/KayhaniA18},
  bibsource = {dblp computer science bibliography, https://dblp.org}
}


%%%%%%%%%%%%%%%%%%%%%%%%%%%%%%%%%%%%%%%%%%%%%%%%%%%%%%%%%%%%%%%%%%%%%%%%%%%%%%%%%%%%%%%%%%
% Related Work
%%%%%%%%%%%%%%%%%%%%%%%%%%%%%%%%%%%%%%%%%%%%%%%%%%%%%%%%%%%%%%%%%%%%%%%%%%%%%%%%%%%%%%%%%%[download]


@Inbook{Kramer2016,
author="Kramer, Oliver",
title="Evolution Strategies",
bookTitle="Machine Learning for Evolution Strategies",
year="2016",
publisher="Springer International Publishing",
address="Cham",
pages="13--21",
abstract="Many real-world problems have multiple local optima.",
isbn="978-3-319-33383-0",
doi="10.1007/978-3-319-33383-0_2",
url="https://doi.org/10.1007/978-3-319-33383-0_2"
}


%%%%%%%%%%%%%%%%%%%%%%%%%%%%%%%%%%%%%%%%%%%%%%%%%%%%%%%%%%%%%%%%%%%%%%%%%%%%%%%%%%%%%%%%%%
% Analysis
%%%%%%%%%%%%%%%%%%%%%%%%%%%%%%%%%%%%%%%%%%%%%%%%%%%%%%%%%%%%%%%%%%%%%%%%%%%%%%%%%%%%%%%%%%[download]


@ARTICLE{1284729, 
author={D. V. Arnold and H. -. Beyer}, 
journal={IEEE Transactions on Automatic Control}, 
title={Performance analysis of evolutionary optimization with cumulative step length adaptation}, 
year={2004}, 
volume={49}, 
number={4}, 
pages={617-622}, 
keywords={evolutionary computation;optimisation;iterative methods;continuous time systems;noise;performance analysis;evolutionary optimization;cumulative step length adaptation;iterative algorithms;continuous numerical optimization;interfering noise;mutation strength;Performance analysis;Computer science;Job shop scheduling;Evolutionary computation;Filtering;Dynamic scheduling;History;Stochastic resonance;Simulated annealing;Stochastic processes}, 
doi={10.1109/TAC.2004.825637}, 
ISSN={0018-9286}, 
month={April},}

@article{ARNOLD2002629,
title = "Performance analysis of evolution strategies with multi-recombination in high-dimensional RN-search spaces disturbed by noise",
journal = "Theoretical Computer Science",
volume = "289",
number = "1",
pages = "629 - 647",
year = "2002",
issn = "0304-3975",
doi = "https://doi.org/10.1016/S0304-3975(01)00384-X",
url = "http://www.sciencedirect.com/science/article/pii/S030439750100384X",
author = "Dirk V. Arnold and Hans-Georg Beyer",
keywords = "Evolution strategies, Darwinian evolution, Noise, Optimization"
}


%%%%%%%%%%%%%%%%%%%%%%%%%%%%%%%%%%%%%%%%%%%%%%%%%%%%%%%%%%%%%%%%%%%%%%%%%%%%%%%%%%%%%%%%%%[
% Step size adaptation
%%%%%%%%%%%%%%%%%%%%%%%%%%%%%%%%%%%%%%%%%%%%%%%%%%%%%%%%%%%%%%%%%%%%%%%%%%%%%%%%%%%%%%%%%%[

@article{Ostermeier:1994:DAS:1326675.1326679,
 author = {Ostermeier, Andreas and Gawelczyk, Andreas and Hansen, Nikolaus},
 title = {A Derandomized Approach to Self-adaptation of Evolution Strategies},
 journal = {Evol. Comput.},
 issue_date = {Winter 1994},
 volume = {2},
 number = {4},
 month = dec,
 year = {1994},
 issn = {1063-6560},
 pages = {369--380},
 numpages = {12},
 url = {http://dx.doi.org/10.1162/evco.1994.2.4.369},
 doi = {10.1162/evco.1994.2.4.369},
 acmid = {1326679},
 publisher = {MIT Press},
 address = {Cambridge, MA, USA},
 keywords = {adaptation, evolution strategy, individual step-size, mutative step-size control, scaling, self-adaptation, step-size},
} 

@article{Hansen:2003:RTC:772374.772376,
 author = {Hansen, Nikolaus and M\"{u}ller, Sibylle D. and Koumoutsakos, Petros},
 title = {Reducing the Time Complexity of the Derandomized Evolution Strategy with Covariance Matrix Adaptation (CMA-ES)},
 journal = {Evol. Comput.},
 issue_date = {Spring 2003},
 volume = {11},
 number = {1},
 month = mar,
 year = {2003},
 issn = {1063-6560},
 pages = {1--18},
 numpages = {18},
 url = {http://dx.doi.org/10.1162/106365603321828970},
 doi = {10.1162/106365603321828970},
 acmid = {772376},
 publisher = {MIT Press},
 address = {Cambridge, MA, USA},
 keywords = {covariance matrix adaptation, derandomized self-adaptation, evolution path, evolution strategy, parallelization},
} 

%%%%%%%%%%%%%%%%%%%%%%%%%%%%%%%%%%%%%%%%%%%%%%%%%%%%%%%%%%%%%%%%%%%%%%%%%%%%%%%%%%%%%%%%%%[
@Article{Dunham1963,
author="Dunham, B.
and Fridshal, D.
and Fridshal, R.
and North, J. H.",
title="Design by natural selection",
journal="Synthese",
year="1963",
month="Jan",
day="01",
volume="15",
number="1",
pages="254--259",
issn="1573-0964",
doi="10.1007/BF00484855",
url="https://doi.org/10.1007/BF00484855"
}



@article{sacks1989,
author = "Sacks, Jerome and Welch, William J. and Mitchell, Toby J. and Wynn, Henry P.",
doi = "10.1214/ss/1177012413",
fjournal = "Statistical Science",
journal = "Statist. Sci.",
month = "11",
number = "4",
pages = "409--423",
publisher = "The Institute of Mathematical Statistics",
title = "Design and Analysis of Computer Experiments",
url = "https://doi.org/10.1214/ss/1177012413",
volume = "4",
year = "1989"
}


@article{Jin02aframework,
    author = {Yaochu Jin and Markus Olhofer and Bernhard Sendhoff},
    title = {A Framework for Evolutionary Optimization with Approximate Fitness Functions},
    journal = {IEEE TRANSACTIONS ON EVOLUTIONARY COMPUTATION},
    year = {2002},
    volume = {6},
    pages = {481--494}
}


@Inproceedings{Ulmer03evolutionstrategies,
    author = {Holger Ulmer and Felix Streichert and Andreas Zell},
    title = {Evolution Strategies assisted by Gaussian Processes with Improved Pre-Selection Criterion},
    booktitle = {in IEEE Congress on Evolutionary Computation,CEC 2003},
    year = {2003},
    pages = {692--699}
}

@book{Smith:1993:NNS:583180,
 author = {Smith, Murray},
 title = {Neural Networks for Statistical Modeling},
 year = {1993},
 isbn = {1850328420},
 edition = {1st},
 publisher = {Thomson Learning}
} 


@article{1424193, 
author={D. Buche and N. N. Schraudolph and P. Koumoutsakos}, 
journal={IEEE Transactions on Systems, Man, and Cybernetics, Part C (Applications and Reviews)}, 
title={Accelerating evolutionary algorithms with Gaussian process fitness function models}, 
year={2005}, 
volume={35}, 
number={2}, 
pages={183-194}, 
doi={10.1109/TSMCC.2004.841917}, 
ISSN={1094-6977}, 
month={May}
}

@article{4033013, 
author={Z. Zhou and Y. S. Ong and P. B. Nair and A. J. Keane and K. Y. Lum}, 
journal={IEEE Transactions on Systems, Man, and Cybernetics, Part C (Applications and Reviews)}, 
title={Combining Global and Local Surrogate Models to Accelerate Evolutionary Optimization}, 
year={2007}, 
volume={37}, 
number={1}, 
pages={66-76}, 
doi={10.1109/TSMCC.2005.855506}, 
ISSN={1094-6977}, 
month={Jan}
}


@article{GIANNAKOGLOU200243,
title = "Design of optimal aerodynamic shapes using stochastic optimization methods and computational intelligence",
journal = "Progress in Aerospace Sciences",
volume = "38",
number = "1",
pages = "43 - 76",
year = "2002",
issn = "0376-0421",
doi = "https://doi.org/10.1016/S0376-0421(01)00019-7",
url = "http://www.sciencedirect.com/science/article/pii/S0376042101000197",
author = "K.C. Giannakoglou"
}

@Inproceedings{10.1007/978-3-319-09333-8_4,
author="Chen, Yu
and Zou, Xiufen",
editor="Huang, De-Shuang
and Bevilacqua, Vitoantonio
and Premaratne, Prashan",
title="Performance Analysis of a (1+1) Surrogate-Assisted Evolutionary Algorithm",
booktitle="Intelligent Computing Theory",
year="2014",
publisher="Springer International Publishing",
address="Cham",
pages="32--40"
}



@Inbook{rechenberg1973evolutionsstrategie,
  title={Evolutionsstrategie: Optimierung technischer Systeme nach Prinzipien der biologischen Evolution},
  author={Rechenberg, I.},
  isbn={9783772803734},
  lccn={74320689},
  series={Problemata, 15},
  url={https://books.google.ca/books?id=-WAQAQAAMAAJ},
  year={1973},
  publisher={Frommann-Holzboog}
}



@Inbook{Ulmer2005,
author="Ulmer, Holger
and Streichert, Felix
and Zell, Andreas",
editor="Jin, Yaochu",
title="Model Assisted Evolution Strategies",
bookTitle="Knowledge Incorporation in Evolutionary Computation",
year="2005",
publisher="Springer Berlin Heidelberg",
address="Berlin, Heidelberg",
pages="333--355",
isbn="978-3-540-44511-1",
doi="10.1007/978-3-540-44511-1_16",
url="https://doi.org/10.1007/978-3-540-44511-1_16"
}



@article{1665028, 
author={D. V. Arnold and H. -. Beyer}, 
journal={IEEE Transactions on Evolutionary Computation}, 
title={A general noise model and its effects on evolution strategy performance}, 
year={2006}, 
volume={10}, 
number={4}, 
pages={380-391}, 
ISSN={1089-778X}, 
month={Aug}
}



@Techreport{Arnold02noisyoptimization,
    author = {Dirk V. Arnold and Hans-georg Beyer},
    title = {Noisy Optimization with Evolution Strategies},
    institution = {SIAM Journal on Optimization},
    year = {2002}
}


@article{doi:10.1080/00401706.1966.10490404,
author = { William J.   Hill  and  William G.   Hunter },
title = {A Review of Response Surface Methodology: A Literature Survey},
journal = {Technometrics},
volume = {8},
number = {4},
pages = {571-590},
year  = {1966},
publisher = {Taylor & Francis},
doi = {10.1080/00401706.1966.10490404},

URL = { 
        https://amstat.tandfonline.com/doi/abs/10.1080/00401706.1966.10490404
    
},
eprint = { 
        https://amstat.tandfonline.com/doi/pdf/10.1080/00401706.1966.10490404
    
}

}

@article{Ratle:2001:KSF:966173.966177,
 author = {Ratle, Alain},
 title = {Kriging As a Surrogate Fitness Landscape in Evolutionary Optimization},
 journal = {Artif. Intell. Eng. Des. Anal. Manuf.},
 issue_date = {January 2001},
 volume = {15},
 number = {1},
 month = jan,
 year = {2001},
 issn = {0890-0604},
 pages = {37--49},
 numpages = {13},
 url = {http://dx.doi.org/10.1017/S0890060401151024},
 doi = {10.1017/S0890060401151024},
 acmid = {966177},
 publisher = {Cambridge University Press},
 address = {New York, NY, USA},
 keywords = {Evolutionary optimization, Fitness landscape, Function approximation},
} 



